@ARTICLE{circle,
    author = {Christophe De Canniere and Bart Preneel},
    title = {TRIVIUM Specifications},
    journal = {eSTREAM, ECRYPT Stream Cipher Project},
    year = {},
    volume = {2006}
}

@misc{iot,
author={\url{https://www.ericsson.com/49d1d9/assets/local/mobility-report/documents/2018/ericsson-mobility-report-june-2018.pdf}}
}