@misc{cryptoeprint:2019:697,
    author = {Elena Dubrova},
    title = {Breaking ACORN with a Single Fault},
    howpublished = {Cryptology ePrint Archive, Report 2019/697},
    year = {2019},
    note = {\url { https://eprint.iacr.org/2019/697 }},
}